@thesis{tesi:binder,
	author = {Schreiber, Thorsten},
	title = {Android Binder. Android Interprocess Communication},
	type = {Seminarthesis},
	institution = {Ruhr-Universität Bochum},
	year = {2011}
}

@thesis{tesi:nexus,
	author = {Bianchi, Alessio},
	title = {Gestione della mobilità verticale su base applicazione: progetto e realizzazione per la piattaforma Android},
	type = {Tesi di Laurea Magistrale},
	institution = {Università degli Studi di Roma ``Tor Vergata''},
	year = {2010}
}

@book{libro:embedded,
	author={Yaghmour, Karim},
	title={Embedded Android},
	year={2011},
	publisher={O'Reilly}
}

@book{libro:games,
	author={Silva, Vladimir},
	title={Pro Android Games},
	year={2009},
	publisher={Apress}
}

@book{libro:jni,
	author={Liang, Sheng},
	title={The Java Native Interface. Programmer's Guide and Specification},
	year={1999},
	publisher={Addison-Wesley}
}

@book{libro:carli,
	author={Carli, Massimo},
	title={Android™ 3: Guida per lo sviluppatore.},
	year={2011},
	publisher={Apogeo}
}

@article{art:middleware,
	author = {Ongtang, Machigar and McLaughlin, Stephen and Enck, William and McDaniel, Patrick},
	title = {Semantically Rich Application-Centric Security in Android},
	booktitle = {Proceedings of the 2009 Annual Computer Security Applications Conference},
	series = {ACSAC '09},
	year = {2009},
	isbn = {978-0-7695-3919-5},
	pages = {340--349},
	numpages = {10},
	url = {http://dx.doi.org/10.1109/ACSAC.2009.39},
	doi = {10.1109/ACSAC.2009.39},
	acmid = {1723245},
	publisher = {IEEE Computer Society},
	address = {Washington, DC, USA},
	keywords = {mobile phone security, Android, application interactions, mediation},
} 

@article{art:privescal,
	author = {Davi, Lucas and Dmitrienko, Alexandra and Sadeghi, Ahmad-Reza and Winandy, Marcel},
	title = {Privilege escalation attacks on android},
	booktitle = {Proceedings of the 13th international conference on Information security},
	series = {ISC'10},
	year = {2011},
	isbn = {978-3-642-18177-1},
	location = {Boca Raton, FL, USA},
	pages = {346--360},
	numpages = {15},
	url = {http://dl.acm.org/citation.cfm?id=1949317.1949356},
	acmid = {1949356},
	publisher = {Springer-Verlag},
	address = {Berlin, Heidelberg},
} 

@article{art:apex,
  author    = {Mohammad Nauman and
               Sohail Khan},
  title     = {Design and implementation of a fine-grained resource usage
               model for the android platform},
  journal   = {Int. Arab J. Inf. Technol.},
  volume    = {8},
  number    = {4},
  year      = {2011},
  pages     = {440-448},
  ee        = {http://www.ccis2k.org/iajit/index.php?option=com_content{\&}task=blogcategory{\&}id=77{\&}Itemid=321},
  bibsource = {DBLP, http://dblp.uni-trier.de}
}

@online{slide:androidhfeat,
	author={tipsiness@gmail.com},
	organization={Korea Android},
	title={Android Hardware Features},
	url={http://www.kandroid.org/board/data/board/conference/file_in_body/1/Android_Hardware_Features_20091023.pdf},
	year={2009}
}

@online{art:notdroid,
	author={C. Papathanasiou and N. J. Percoco},
	organization={Trustwave},
	title={This is not the droid you're looking for...},
	url={http://plagiarism.repec.org/negrila/negrila2.pdf},
	year={2010}
}

@online{slide:aporting,
	author={Jollen, Chen},
	organization={CTimes},
	title={Android Porting},
	note={Il documento è scritto prevalentemente in Cinese, ed è quindi
	stato a volte necessario utilizzare un traduttore automatizzato. 
	In particolare il sottotitolo recita ``Fondamenti di Crosscompilazione 
	ed Analisi Strategica''},
	url={http://140.116.72.245/ESW/download/s2.pdf},
	year={2009}
}

@online{site:jollen,
	author={Jollen, Chen},
	title={Jollen Wiki},
	url={http://www.jollen.org/wiki},
	year={2012}
}

@online{site:marakAndroidInternals,
	author={A. Gargenta and K. Jones and M. Gargenta},
	organization={Marakana},
	title={Marakana - Android Internals},
	url={http://marakana.com/static/courseware/android/internals/index.html},
	year={2012}
}

@online{site:marakRemixing,
	author={M. Gargenta},
	organization={Marakana},
	title={Remixing Android},
	url={http://marakana.com/s/remixing_android,1044/index.html},
	year={2007}
}

@online{site:anonBinder,
	author={safransx@gmail.com},
	organization={blog.csdn.net},
	title={IPC Analysis on Android},
	url={http://blog.csdn.net/safrans/article/details/6272652},
	note={In particolare ho fatto riferimento alla versione fornita da
	\url{http://blogimg.chinaunix.net/blog/upfile2/081203105044.pdf}.},
	year={2010}
}

@online{slide:zhIPC,
	author={Jim Huang},
	organization={0xlab},
	title={Android IPC Mechanism},
	url={http://0xlab.org/~jserv/android-binder-ipc.pdf },
	year={2012}
}

@manual{man:opensles,
	author={The Kronos Group Inc.},
	title={OpenSL ES. OpenSL ES Specificatiopn. Version 1.0.1},
	year={2009},
}

@manual{man:pjsip,
	author={Prijono, Benny},
	organization={PJSIP},
	title={PJSIP Developer's Guide},
	year={2006},
	url={http://www.pjproject.net}
}

@manual{man:gapil,
	author={Piccardi, Simone},
	title={GaPiL. Guida alla Programmazione in Linux},
	year={2010},
	url={http://gapil.truelite.it/sources}
}


